<?xml version="1.0" encoding="UTF-8" ?><marc:collection xmlns:marc="http://www.loc.gov/MARC21/slim" xmlns:xsi="http://www.w3.org/2001/XMLSchema-instance" xsi:schemaLocation="http://www.loc.gov/MARC21/slim http://www.loc.gov/standards/marcxml/schema/MARC21slim.xsd">
<marc:record><marc:leader>02231nam a2200301Ia 4500</marc:leader>
<marc:controlfield tag="005">20200918223600.0</marc:controlfield>
<marc:controlfield tag="008">191008s2019    bl            000 0 por d</marc:controlfield><marc:datafield tag="024" ind1="7" ind2=" "><marc:subfield code="a">http://dx.doi.org/10.11606/issn.2316-901X.v0i73p275-279</marc:subfield><marc:subfield code="2">DOI</marc:subfield></marc:datafield><marc:datafield tag="040" ind1=" " ind2=" "><marc:subfield code="a">USP/AGUIA</marc:subfield></marc:datafield><marc:datafield tag="041" ind1="0" ind2=" "><marc:subfield code="a">por</marc:subfield></marc:datafield><marc:datafield tag="044" ind1=" " ind2=" "><marc:subfield code="a">bl</marc:subfield></marc:datafield><marc:datafield tag="100" ind1="1" ind2=" "><marc:subfield code="a">Barbosa, Alexandre de Freitas</marc:subfield><marc:subfield code="0">https://orcid.org/0000-0002-0493-7488</marc:subfield></marc:datafield><marc:datafield tag="245" ind1="1" ind2="4"><marc:subfield code="a">Uma economia política da poesia drummondiana</marc:subfield></marc:datafield><marc:datafield tag="260" ind1=" " ind2=" "><marc:subfield code="a">São Paulo</marc:subfield><marc:subfield code="c">2019</marc:subfield></marc:datafield><marc:datafield tag="300" ind1=" " ind2=" "><marc:subfield code="a">p. 275 - 279</marc:subfield></marc:datafield><marc:datafield tag="500" ind1=" " ind2=" "><marc:subfield code="a">Disponivel em: &lt;http://dx.doi.org/10.11606/issn.2316-901X.v0i73p275-279&gt;. Acesso em: 8 out. 2019</marc:subfield></marc:datafield><marc:datafield tag="510" ind1="2" ind2=" "><marc:subfield code="a">Indexado no: Scielo</marc:subfield></marc:datafield><marc:datafield tag="510" ind1="2" ind2=" "><marc:subfield code="a">Indexado no: RedAlyc</marc:subfield></marc:datafield><marc:datafield tag="510" ind1="2" ind2=" "><marc:subfield code="a">Indexado no: Directory of Open Access Journals</marc:subfield></marc:datafield><marc:datafield tag="520" ind1=" " ind2=" "><marc:subfield code="a">O texto procura ressaltar a contribuição de José Miguel Wisnik em seu livro recente. Nessa obra, o autor realiza uma fusão entre a história do desenvolvimento e da mineração no Brasil, que teve como marco a criação da Companhia Vale do Rio Doce (CVRD), e a invenção poética drummondiana, profundamente afetada pelo destino de Itabira, sua cidade natal. Tempo e espaço são aniquilados durante o processo de desenvolvimento econômico, mas também ressignificados criativamente pelo poeta, que vê o território onde se deu o seu processo de sociabilidade ser literalmente soterrado pela atuação da empresa. A Vale S.A., tal como renomeada em 2007, apenas depois das catástrofes de Mariana e Sobradinho parece ecoar o grito de dor do poeta, cuja inteligibilidade não era acessível aos seus contemporâneos</marc:subfield></marc:datafield><marc:datafield tag="650" ind1=" " ind2="7"><marc:subfield code="a">POESIA</marc:subfield><marc:subfield code="2">larpcal</marc:subfield></marc:datafield><marc:datafield tag="600" ind1="1" ind2="7"><marc:subfield code="a">Andrade, Carlos Drummond de</marc:subfield><marc:subfield code="d">1902-1987</marc:subfield><marc:subfield code="2">larpcal</marc:subfield></marc:datafield><marc:datafield tag="600" ind1="1" ind2="7"><marc:subfield code="a">Wisnik, José Miguel</marc:subfield><marc:subfield code="d">1948-</marc:subfield><marc:subfield code="2">larpcal</marc:subfield></marc:datafield><marc:datafield tag="650" ind1=" " ind2="7"><marc:subfield code="a">MINERAÇÃO</marc:subfield><marc:subfield code="2">larpcal</marc:subfield></marc:datafield><marc:datafield tag="773" ind1="0" ind2=" "><marc:subfield code="t">Revista do Instituto de Estudos Brasileiros</marc:subfield><marc:subfield code="d">Brasil</marc:subfield><marc:subfield code="h">n. 73, p. 275-279, ago. 2019</marc:subfield></marc:datafield><marc:datafield tag="856" ind1="4" ind2="1"><marc:subfield code="z">Clicar sobre o botão para acesso ao texto completo</marc:subfield><marc:subfield code="u">http://dx.doi.org/10.11606/issn.2316-901X.v0i73p275-279</marc:subfield><marc:subfield code="3">DOI</marc:subfield></marc:datafield><marc:datafield tag="945" ind1=" " ind2=" "><marc:subfield code="a">P</marc:subfield><marc:subfield code="b">ARTIGO DE PERIODICO-RESENHA</marc:subfield><marc:subfield code="c">03</marc:subfield><marc:subfield code="j">2019</marc:subfield><marc:subfield code="l">NACIONAL</marc:subfield></marc:datafield><marc:datafield tag="946" ind1=" " ind2=" "><marc:subfield code="a">BARBOSA, ALEXANDRE DE FREITAS</marc:subfield><marc:subfield code="b">470882</marc:subfield><marc:subfield code="e">IEB</marc:subfield><marc:subfield code="f">INSTITUTO DE ESTUDOS BRASILEIROS</marc:subfield><marc:subfield code="g">IEB</marc:subfield><marc:subfield code="h">DIRETORIA INSTITUTO DE ESTUDOS BRASILEIROS</marc:subfield><marc:subfield code="i">RDIDP</marc:subfield><marc:subfield code="j">DOCENTE</marc:subfield><marc:subfield code="k">PROFESSOR ASSOCIADO</marc:subfield><marc:subfield code="l">80</marc:subfield><marc:subfield code="m">20180215</marc:subfield><marc:subfield code="n">20501231</marc:subfield></marc:datafield></marc:record>
</marc:collection>
